
@book{lamport94,
  author="Leslie Lamport",
  title="\LaTeX: a document preparation system",
  year=1994,
  publisher="Addison Wesley, Massachusetts"
}
