@online{contacts-plus,
  title="Contacts+ -- Android Apps on Google Play",
  url="https://play.google.com/store/apps/details?id=com.contapps.android",
  urldate="2016-09-28"
}

@online{fullcontact,
  title="FullContact Address Book -- Android Apps on Google Play",
  url="https://play.google.com/store/apps/details?id=com.fullcontact.ledene",
  urldate="2016-09-28"
}

@online{android-studio,
  title="Download Android Studio and SDK Tools | Android Studio",
  url="https://developer.android.com/studio/index.html",
  urldate="2016-09-28"
}

@online{sqlite,
  title="SQLite Home Page",
  url="https://www.sqlite.org/",
  urldate="2016-09-28"
}

@report{bcnf,
  author="Edgar F. Codd",
  title="Recent Investigations into Relational Data Base Systems.",
  type="technical report",
  institution="IBM",
}
