
@online{ WiredTensorFlow,
  author = "Wired",
  title = "Google Open-Sourcing TensorFlow Shows AI's Future Is Data",
  url = "http://www.wired.com/2015/11/google-open-sourcing-tensorflow-shows-ais-future-is-data-not-code/",
  urldate = "2015-11-23",
  year = 2015,
  month = nov,
  day = 11,
}

@online { LLVMComp,
  author = "LLVM Project",
  title = "The LLVM Compiler Infrastructure",
  url = "http://llvm.org/",
  urldate = "2015-11-23",
  year = 2015,
  month = sep,
  day = 1,
}

@online { MITLinux,
  author = "MIT Information Systems and Technology",
  title = "Linux Support Statement",
  url = "https://ist.mit.edu/os/linux",
  urldate = "2015-11-23",
}

@online { RustLang,
  author = "The Rust Team",
  title = "The Rust Programming Language",
  url = "https://www.rust-lang.org/",
  urldate = "2015-11-23",
}

@online { Golang,
  author = "The Go Authors",
  title = "The Go Programming Language",
  url = "http://golang.org/",
  urldate = "2015-11-23",
}

@article { RightToRead,
  author = "Richard Stallman",
  title = "The Right to Read",
  year = 1997,
  month = feb,
  journal = "Communications of the {A}ssociation for {C}omputing {M}achinery ({ACM})",
  volume = 40,
  number = 2,
}

@online { WindowsMarketShare,
  author = "NetMarketShare",
  title = "Desktop Operating System Market Share",
  year = 2015,
  month = oct,
  url = "https://www.netmarketshare.com/operating-system-market-share.aspx",
  urldate = "2015-11-23",
}

@book{Tanenbaum:2005:OSD:1076555,
 author = {Tanenbaum, Andrew S and Woodhull, Albert S},
 title = {Operating Systems Design and Implementation (3rd Edition)},
 year = {2005},
 isbn = {0131429388},
 publisher = {Prentice-Hall, Inc.},
 address = {Upper Saddle River, NJ, USA},
} 
